Record 1
LDR  01426cam  2200373   45  
001  5228
008  690421s1969    nyuc     b    00110 engm 
010       $a 69014983 //r84
019       $a 1841538
090       $a x
098  0    $n ov=
100  10   $a Maier, Henry W. $q (Henry William)
245  10   $a Three theories of child development: $b the contributions of Erik H. Erikson, Jean Piaget, and Robert R. Sears, and their applications $c [by] Henry W. Maier.
250       $a Rev. ed.
260  0    $a New York, $b Harper & Row $c [1969]
300       $a ix, 342 p. $b ports. $c 22 cm.
500       $a UCSF MONO: CALL NUM IN 090 $a = "x", DO NOT OUTPUT CALL NUM (02/08).
500       $a OUTPUT 590 BEGINNING "LIBRARY HAS: " AS 852 $3 FOR ALL 852'S.
500       $a OUTPUT 590 BEGINNING "SHARED PURCHASE" AS $z IN 1ST 852 ONLY.
500       $a DO NOT OUTPUT 590 BEGINNING "COPIES".  OUTPUT OTHER 590'S AS 852 $x IN ALL 852'S.
590       $a Library has: v.1-99
590       $a 247716 (dr)(590 FIELD)
590       $a SHARED PURCHASE 590
590       $a COPIES AT SF GENERAL (590 FIELD)
590       $a 247718 (dr)(590 FIELD)
600  14   $a Erikson, Erik H. $q (Erik Homburger), $d 1902-
600  10   $a Piaget, Jean, $d 1896-1980.
600  10   $a Sears, Robert Richardson, $d 1908-
690   0   $a Child psychology.
870  19   $j 100/1 $a Maier, Henry William.
901       $a UCSFb10000278 $b multi $c -
902       $a 900131
910       $a t,a/c 5228 871210fk
920       $l books $l 1stfl $l hmed

Record 2
