LDR  01383cam  2200361   45  
001  11967
008  690818s1969    cau      b    00100 eng  
010       $a 69013179 //r83
020       $a 0804706891 (pbk.)
041  1    $a engfre
049       $a CUNR
050       $a ff Browsing BL1930 (050$A) $a 2ND subfldA $b .K313 (050$B)
098  0    $n ov=.b1222107
100  10   $a Kaltenmark, Max.
240  00   $a Lao tseu et le taoèisme. $l English.
245  10   $a Lao Tzu and Taoism. $c Translated from the French by Roger Greaves.
260  0    $a Stanford, Calif., $b Stanford University Press, $c 1969.
300       $a vi, 158 p. $c 23 cm.
350       $a 5.95.
500       $a UCSF MONO: 050 HAS 2 $a, $b - OUTPUT 1ST $a ONLY & $b TO 852 $h $i; OUTPUT CALL NUM PREFIX "ff" AS 852 $k; DO NOT OUTPUT PREFIX "Browsing" (02/08).
500       $a OUTPUT 590 "LIBRARY KEEPS" AS 852 $3 FOR ALL LOCS; 590 "COPIES" - DROP; OUTPUT OTHER 590S AS 852 $x FOR ALL LOCS.
500       $a REMOVE COPY INFO IN PARENTHESES BEFORE OUTPUTTING MULTIPLE LOCS.
504       $a Bibliography: p. [151]-152.
590       $a Library keeps: bound volumes
590       $a Copies: 514028 (hl)
590       $a Some worming throughout (590)
600  00   $a Lao-tzu.
650   0   $a Taoism.
730  02   $a Lao tseu et le taoèisme. $l English.
901       $a UCSFb10000528 $b multi  $c -
902       $a 900125
910       $a r/cn 11967 880205hl
920       $l desk $l (3)books $l (2)rbr

Record 3
