LDR  00945cam  2200253   45  
008  690723s1969    njua     b    00110 eng  
010       $a 69017478
049       $a CUNA,CUNB
050       $a H61 $b .B484 1969
099       $a t Case 38 J99 $a 2nd subfldA $b .B500
090       $a A50 $b .C400 1990
098  0    $n ov=
100  10   $a Blalock, Hubert M.
245  1    $a Theory construction; $b from verbal to mathematical formulations $c [by] Hubert M. Blalock, Jr.
260  0    $a Englewood Cliffs, N.J., $b Prentice-Hall $c [1969]
300       $a xi, 180 p. $b illus. $c 23 cm.
490  0    $a Prentice-Hall methods of social science series.
500       $a UCSF: CALL NUM IN 099 $a $a $b - OUTPUT PREFIX 't' AS 852 $k; OUTPUT SUFFIX 'Case 38' AS 852 $m; OUTPUT CALL NUM AS SINGLE 852 $j (04/02).
504       $a Bibliographical footnotes.
590       $a Copies: 367692 (dy)
650   0   $a Social sciences $x Methodology.
901       $a UCSFb10000568 $b books    $c -
902       $a 900130
920       $l books

Record 4
