LDR  00849chm  2200253   45  
008  691008s1969    nyuac         00100beng  
010       $a 69011805 //r87
020       $a 0030810221
096       $b SUBFLD b
098  0    $n ov=.b1286250
100  10   $a King, Coretta Scott, $d 1927-
245  10   $a My life with Martin Luther King, Jr.
250       $a [1st ed.]
260  0    $a New York, $b Holt, Rinehart and Winston $c c1969.
300       $a ix, 372 p. $b ill., [16] p. of plates, $c 24 cm.
350       $a 6.95.
500       $a UCSF MONO: TYPE ="h", CHG TO "a". HAS 3 LOCS, 2 UNIQUE; OUTPUT 2 852S WITH UNIQUE LOCS. CALL NUM IN 096 $b, OUTPUT TO 852 $j (02/08).
500       $a IGNORE 2ND 920 FIELD.
590       $a Library has:
600  10   $a King, Martin Luther, $c Jr., $d 1929-1968.
901       $a UCSFb10001098 $b brow  $c -
902       $a 900125
920       $l brow $l desk $l brow
920       $l 1stfl

Record 5
