LDR  01128cam  2200301   45  
001  22832
008  690904s1969    mdua     b    00110 eng  
010       $a 69013694
099       $a ff Browsing REF. 1st subfldA $a 2nd subfldA $c 1st subfldC $c 2nd subfldC
098  0    $n ov=.b1028613
100  10   $a Kraus, Bertram S.
245  10   $a Dental anatomy and occlusion; $b a study of the masticatory system $c [by] Bertram S. Kraus, Ronald E. Jordan [and] Leonard Abrams.
260  0    $a Baltimore, $b Williams and Wilkins, $c 1969.
300       $a xvi, 317 p. $b illus. $c 29 cm.
500       $a UCSF MONO: 099 HAS 2 $a & 2 $c - OUTPUT AS 852 $j; OUTPUT "ff" AS 852 $k; DROP "Browsing";  OUTPUT "REF" AS 852 $m (02/08).
590       $a Copies: 501756 (ml-2)
650   0   $a Teeth.
650   0   $a Occlusion (Dentistry)
650   2   $a Dental Occlusion.
650   2   $a Mastication.
650   2   $a Masticatory Muscles.
650   2   $a Tooth $x Anatomy and histology.
700  10   $a Jordan, Ronald E., $e joint author.
700  10   $a Abrams, Leonard, $d 1930- $e joint author.
901       $a UCSFb10001128 $b multi $c -
902       $a 900125
910       $a t 22832 880907bm
920       $l books $l hnon

Record 6
