LDR  00838nam  2200265   45  
001  52916
008  700130s1969    caueg    b    00100 engm 
010       $a 79078567 /MN
099       $b 099 subfldB $c subfldC
098  0    $n ov=
100  10   $a Dean, Winton.
245  1    $a Handel and the opera seria.
260  0    $a Berkeley, $b University of California Press, $c 1969.
300       $a xi, 220 p. $b music, plan. $c 26 cm.
350       $a 8.50.
490  1    $a The Ernest Bloch lectures, $v 1.
500       $a UCSF MONO: 099 WITH $b & $c - OUTPUT AS SINGLE 852 $j (02/08).
590       $a Copies: 439920 (gl)
600  10   $a Handel, George Frideric, $d 1685-1759. $t Operas.
650   0   $a Opera.
830   0   $a Ernest Bloch lectures, $v 1.
870  19   $j 600/1 $a Hèandel, Georg Friedrich, $d 1685-1759. $t Operas.
901       $a UCSFb10002418 $b brow  $c -
902       $a 900212
920       $l brow

Record 9
