LDR  00832cXX  2200253   45  
001  55185
008  700202s1969    nyuach   b    00110 eng  
010       $a 69018726
098  0    $n ov=.b1281719
100  10   $a Gernsheim, Helmut, $d 1913-
250       $a [2d ed.]
260  0    $a New York, $b McGraw-Hill $c [1969]
300       $a 599 p. $b illus., facsims., ports. $c 31 cm.
350       $a 22.95.
500       $a UCSF: RECORD HAS UNKNOWN TYPE, UNKNOWN BIBLVL, NO 245, UNKNOWN LOC CODE - OUTPUT 4 ERROR FIELDS (07/06).
500       $a Rev. ed. published as: The origins of photography. 1982.
504       $a Bibliography: p. [580]-581.
590       $a Copies: 524622 (dn)
590       $a Gift of Harold A. Harper.
650   0   $a Photography $x History.
700  10   $a Gernsheim, Alison, $e joint author.
901       $a UCSFb10002528 $b h     $c -
902       $a 900125
920       $l XXX

Record 10
