LDR  00770cam  2200241   45  
001  56546
008  700226s1970    nyu      b    00100 eng  
010       $a 73092909 //r863
020       $a 0231033028
050       $a HB199 $a 2ND subfldA $b .B84 $b 2ND subfldB $c subfldC
098  0    $n ov=.b1282177
100  10   $a Linder, Staffan Burenstam, $d 1931-
245  14   $a The harried leisure class.
260  0    $a New York, $b Columbia University Press, $c 1970.
300       $a viii, 182 p. $c 23 cm.
350       $a 7.00.
500       $a UCSF MONO: 050 WITH 2 SUBFLD As, 2 Bs, 1 C - OUTPUT 1ST $a TO 852 $h, 1ST $b TO 852 $i, IGNORE REST (02/08).
590       $a Copies: 528762 (bm-2)
650   0   $a Time management.
650   0   $a Leisure.
901       $a UCSFb10002608 $b books    $c -
902       $a 900125
920       $l books

Record 12
