LDR  00784cam  2200265   45  
001  66304
008  700423s1970    paua     b    00110 eng  
010       $a 71103539
090       $a ANESTH. x
098  0    $n ov=
100  10   $a Rogers, Martha E.
245  13   $a An introduction to the theoretical basis of nursing $c [by] Martha E. Rogers.
260  0    $a Philadelphia, $b F. A. Davis Co. $c [1970]
300       $a xii, 144 p. $b illus. $c 24 cm.
490  1    $a Nursing science, $v 1.
500       $a UCSF MONO: 920 HAS NO LOCATION CODE, REJECT (07/06).
650   0   $a Nursing.
650   2   $a Nursing.
650   2   $a Research.
740   1   $a Theoretical basis of nursing.
830   0   $a Nursing science, $v 1.
901       $a UCSFb10002958 $b books    $c -
902       $a 900201
910       $a rc,w/c 66304 810406st
920       $a books

Record 13
