LDR  00903nas  22002297  45  
008  870922c    9999xx mu p      u uuuu1engod
096       $a W1 $b AA 114
098  0    $n ov=.b1110044
245  00   $a AAOHN Journal.
500       $a UCSF PE: NO 852 OR 850, USE 920, HAS 590 & 950$b - OUTPUT HOLDINGS FROM 590 TO 852 $3 FOR ALL 852'S; USE $z FROM 1ST 950 & OUTPUT TO 1ST $m OF THE 1ST 852 (02/08).
590       $a Library has: v.1-100 (590 FLD)
710  20   $a American Association of Occupational Health Nurses.
710  20   $a Nurses and Nursing.
780  00   $a Occupational Health Nursing.
901       $a UCSFb11925608 $b multi  $c 0
902       $a 900516
906       $a 13035605
920       $l arch $l hmed $l 1stfl
935       $a 00036000 $z 00008593
950       $b 34, 1986- $s Current Jnls, Stacks $z latest issue stolen (950$z)
950       $b 20, 1966- $s Current Jnls, Stacks
950       $b 10, 1956- $s Current Jnls, Stacks $z earliest issue in staff room

Record 14
