LDR  00589nas  22001697  45  
008  870922c    9999xx wu p      u uuuu1engod
096       $a W1 $b AB 101D
098  0    $n ov=.b1110056
245  00   $a AB Bookman's Weekly; $b for the Specialist Book World.
500       $a UCSF PE: NO 852 OR 850, USE 920. NO 590 WITH "LIBRARY HAS", HAS 950$b & $d; OUTPUT 950 $b TO 852 $3 FOR ALL LOCS (02.08).
590       $a Weekly.
901       $a UCSFb11908458 $b hnon  $c 0
902       $a 900509
906       $a 2337289
920       $l hnon $l ref
935       $a 00045000 $z 00010000
950       $b 28, 1960- (950$b) $d Keep latest year only (950$d) $s History

Record 15
