LDR  01376nas  22003257  45  
001  16733579
008  870923c19869999hk qrzp  a   0uuua0eengdc
010       $a sn88-26251
022       $a 1010-0091
041  1    $a eng $h chi
096       $a HOMEOP. W1 $b AB 881M
098  0    $n ov=.b1269860
245  00   $a Abstracts of Chinese medicines : $b (ACME)
246  10   $a ACME.
260  00   $a Hong Kong : $b Chinese Medicinal Material Research Centre, Chinese University of Hong Kong, $c c1986-
300       $a v. : $b ill. ; $c 30 cm.
310       $a Quarterly.
362  0    $a Vol. 1, no. 1 (Oct. 1986)-
500       $a UCSF PE: NO 852 OR 850, USE 920. NO 590 NOLDINGS, 1ST 950 HAS $d, 2ND 950 HAS $b - CREATE 852 $3 FROM 950 $d; OUTPUT $z OF 1ST 950 TO 1ST $m OF 1ST 852; OUTPUT STAMP FROM 096 & 590 "LIBRARY KEEPS" TO 2ND, 3RD $m'S OF 1ST 852, 1ST & 2ND $m OF OTHER 852'S (02/08).
546       $a English with some Chinese.
590       $a Library keeps one copy in reference (590)
650   2   $a Medicine, Oriental Traditional $x abstracts.
650   2   $a Medicine, Oriental Traditional.
710  20   $a Chinese University of Hong Kong. $b Chinese Medicinal Material Research Centre.
901       $a UCSFb12059528 $b multi  $c 0
902       $a 900309
920       $l hnon $l arch
935       $a 00400500
950       $d Keep latest year only(950$d) $s Oriental $z latest issue in alcove (950$z)
950       $b 35, 1935- (2nd 950 $b) $s Oriental

Record 16
