LDR  00702nas  22002057  45  
008  870922d19721989xx mu p  a   u uuuu1engod
096       $a W1 $b AB 93
098  0    $n ov=.b1110536
245  00   $a Abstracts on Health Effects of Environmental Pollutants.
500       $a UCSF PE: NO 852 OR 850, USE 920. NO HOLDINGS, OUTPUT DEFAULT VALUE IN 852 $3 FOR ALL LOCS (04/02).
590       $a Ceased publication.
690       $a Environmental Health--Indexes and Abstracts.
690       $a Pesticides--Indexes and Abstracts.
749       $a Health Effects of Environmental Pollutants.
901       $a UCSFb11926028 $b hnon  $c 0
902       $a 900516
906       $a 1605553
920       $l hnon $l ref
935       $a 00477000 $z 00307500
950       $s Ref-Hse

Record 17
