LDR  01156cam  2200409   45  
001  912534
002  002 FIELD
003  003 FIELD
004  004 FIELD
008  740610c18689999nyuar1    ys  0uuua1engd 
009  009 FIELD
010       $a 04003781 //r41
019       $a 386815 $a 780317 $a 1348756 $a 15159857
022       $a 0084-1382
043       $a n-us---
050       $a AY67.N5 $b W7
098  0    $n ov=.b1025806
222  04   $a The World as it should be.
245  04   $a The World as it should be.
247  00   $a World almanac $f 1868-1893.
247  00   $a World almanac and encyclopedia $f 1894-1922.
260  00   $a New York, $b Newspaper Enterprise Association [etc. $c 1888]
300       $a v. $b ill. (maps) tables. $c 19-22 cm.
500       $a UCSF: DON'T OUTPUT FIELDS 001-005, 009, 590, 595, 850, 852, 866, 867, 868, 886, 899 (04/02)
590       $a 590 FIELD
595       $a 595 FIELD.
650   0   $a Almanacs, American.
650   0   $a Statistics.
850   0   $a 850 field
852   0   $a 852 field
866   0   $a 866 field
867   0   $a 867 field
868   0   $a 868 field
886   0   $a 886 field
901       $a UCSFb10053669 $b multi $c -
902       $a 900927
920       $l books $l ref

Record 18
