LDR  00772nas  22002297  45  
008  870922c    9999   mu p      u uuuu1engod
022       $a 0091-1658
049       $a cun&
096       $a W1 $b AM 812B
098       $n ov=.b1119680
245  00   $a American Statistics Index. $b Monthly Supplement. Abstracts.
500       $a UCSF: CREATE 005 FROM 902 - 902 BEGINS "01", ADD "20" TO BEGINNING (04/02).
590       $a Shared Purchase. Acquired through the UC Shared Collections and Access Program. Basic set located at UC Berkeley.
690       $a Congressional Information Service.
690       $a Statistics.
901       $a UCSFb11934529 $b coref $c 0
902       $a 010923
906       $a 8526088
920       $l coref
935       $a 08712000 $z 06682500
950       $d Keep until cumulated
999       $c 871005 $d s $e 1 $g 0

Record 20
