LDR  01012nam  2200301   45  
001  75287
008  700525s1970    njua     b    00110 eng  
010       $a 75093526
020       $a 135198763
049       $a CUNA[dr] [25066]
090       $a SF407.M5 $b S592l dr 25066 1970
100  10   $a Simmons, M. L.
245  14   $a The laboratory mouse, selection and management $c [by] M. L. Simmons [and] J. O. Brick.
260  0    $a Englewood Cliffs, N.J., $b Prentice-Hall $c [1970]
300       $a xiii, 184 p. $b illus. $c 23 cm.
350       $a 5.95.
490  0    $a Biological techniques series.
500       $a UCSF: SOURCE CAN'T BE DETERMINED FROM 901 $a - REJECT (04/02).
504       $a Bibliography: p. 169-171.
590       $a Shared purchase; output as 932 note, both inds blank.
590       $a This is not a shared purchase note; output as 935 field.
650   0   $a Mice as laboratory animals.
700  10   $a Brick, James O.
901       $a UCSXb10003320 $b rbr1 $c -
902       $a 921006
920       $l rbr1
920       $l arch
999       $c 891016 $d m $e a $g 4

Record 21
