LDR  00780nas  2200241   45  
001  82184
008  750225s1979    njua     b    00110 eng  
010       $a 81190111
020       $a 123456789
049       $a CUNA[dr] [45066]
090       $a SD207.M5 $b S292l dr 45066 1981-
245  14   $a The experimental rat, selection and management $b Annual conference on the laboratory rat
260  0    $a Englewood Cliffs, N.J., $b Prentice-Hall $c [1981-]
300       $a v. $b ill., ports. $c 22 cm.
310       $a Quarterly $b 1984-
321       $a Bimonthly $b -1983.
362  0    $a v. 1-   1981-
500       $a UCSF: CREATE 035 FROM 001 - ADD "(OCoLC)" TO BEGINNING OF 001 (04/02).
650   0   $a Rats as laboratory animals.
901       $a UCSFb10003320 $b rbr3 $c -
902       $a 921106
920       $l rbr3
999       $c 921016 $d m $e a $g 4

Record 22
