LDR  00882cXX  2200241I  45  
001  1606003
008  750907c19209999dcuuu    r    0uuua1eng d
019       $a 1128288 $a 1840354
049       $a CUNA $a CUNW
090       $a Q11 $b .N294
098       $n ov=.b1262452
110  20   $a National Academy of Sciences (U.S.)
260  10   $a Washington, D.C.
300       $a v. $c 22 cm.
362  0    $a 1919/20-
500       $a UCSF: 901 $c = "d", DELETE REC; REC HAS NO 245, NO LOC CODE, NO 902 FLD, INVALID TYPE & BIBLVL - CHANGE STATUS TO "d", CREATE 005 FROM FILEDATE, DO NOT OUTPUT ERROR FIELDS (05/02).
590       $a Library has: 1987, 1989-1990, 1992.
610  20   $a National Academy of Sciences (U.S.) $x Directories.
710  20   $a National Research Council (U.S.)
710  20   $a National Academy of Engineering.
710  20   $a Institute of Medicine (U.S.)
901       $a UCSFb10089913 $b multi $c d
999       $c 891016 $d s $e a $g 0

Record 23
