LDR  01081nam  2200289Ia 45  
001  23830360
008  910524c19919999ilu           000 0 eng d
040       $a IHD $c IHD
090       $a RA971 $b .A76
098       $n ov=.b1216764
110  2    $a American Hospital Association.
245  10   $a Management advisories of the American Hospital Association.
260       $a [Chicago] : $b the Association, $c [1991-]
300       $a  v. (various pagings) ; $c 30 cm.
500       $a UCSF MONO: RECORD WITH 3 595 FIELDS HAS MULTIPLE LOCS, OUTPUT ALL LOCS; OUTPUT 595'S AS SEPARATE 852 $m'S (02/08).
504       $a Includes bibliographical references.
590       $a Library has: 1991.
595       $a * Current issue Reference Books * (595 FLD)
595       $a * Library keeps latest issue only * (595 FLD)
595       $a Shelved on the 4th floor. (595 FLD)
650   2   $a Governing Board.
740  01   $a Policies ; Policy and statements ; Guidelines ; Technical advisory bulletins.
901       $a UCSFb12515322 $b multi $c -
902       $a 930331
910       $a [sycso]
920       $l ref $l books $l 1stfl
999       $c 930311 $d m $e - $g 0

Record 24
