LDR  01144nas  22002897  45  
008  870922c    9999xx bu p      u uuuu1engod
096       $a ff Browsing W1 $b AA 113 ANESTH.
098  0    $n ov=.b1110020
245  00   $a AANA Journal.
500       $a UCSF PE: NO 852 OR 850, HAS 3 LOCS IN 920 FLD, HAS 2 595 FLDS, 096 HAS PREFIX & STAMP, 1ST 950 HAS $z - OUTPUT 852'S FOR EACH LOC, WITH $k FROM PREFIX AND $m'S FROM 950 $z, 096, 595 FLDS (02/08).
500       $a OUTPUT 096 $a $b AS 852 $h $i; OUTPUT PREFIX TO 852 $k.
590       $a Bimonthly.
595       $a Latest issue in Librarian's car
595       $a Next to latest issue in Librarian's LL Bean bag
690       $a Nurses and Nursing.
690       $a Anesthesia.
710  20   $a American Association of Nurse Anesthetists.
780  00   $a American Association of Nurse Anesthetists. Journal.
901       $a UCSFb11925588 $b hnon  $c 0
902       $a 900117
906       $a 1020703
920       $l 1stfl $l (2)mbccj $l jour
935       $a 00018000 $z 00008125
950       $b 42, 1974- $s Current Jnls, Stacks $z 1ST 950z note
950       $b v.1-100 $z second 950z note
950       $b v.1-50 $z third 950z note
950       $b v.1-20 $z 4th 950z note

Record 25
