LDR  00879cas  2200301 a 45  
001  1267589
008  720301c19719999njuar1    cd  0uuua0eng  
010       $a 74253265
022  0    $a 0052-3232
049       $a CUNA $a CUNV $a CUN@
090       $a PQ23 $b .P57
098       $n ov=.b1048715
210  0    $a Handbook of chem. $b (Print ed.)
222  00   $a Handbook of Chemistry $b (Print ed.)
245  00   $a Handbook of chemistry : $b HC.
260  00   $a Oradell, N.J. : $b Medical Economics Co.,
300       $a v. : $b ill. ; $c 26 cm.
310       $a Annual.
362  1    $a Began with 1962 issue.
500       $a UCSF PE: 850 HAS NO LOCATION CODE, REJECT (07/06).
590       $a Library has: 1968-
595       $a 
650   0   $a Chemicals $x Dictionaries $x Periodicals.
850       $c 4 $f W1 AM 500 $h 1, 1958- $k (Copy 1)
901       $a UCSFb10074582 $b multi $c -
902       $a 930210
910       $a [bbmbe]
999       $c 891016 $d s $e - $g 0

Record 26
