LDR  01217cas  2200301I  45  
001  2010222
008  850714c19229999dcuuu    r    0uuua1eng d
019       $a 2239399 $a 2951465
049       $a CUNA $a CUNW
090       $a T21 $b .N294 REF.
098       $n ov=.b2373563
110  20   $a National Academy of Sciences (U.S.)
245  00   $a Affiliated organizations.
260  10   $a Washington, D.C.
300       $a v. $c 22 cm.
362  0    $a 1922/23-
500       $a UCSF PE: NO 852 OR 850, USE 920. NO 595 FLD, HAS MULT LOCS, 950$z, SHARED PURCHASE 590 FLD, & CALL NO. POST STAMP (02/08).
500       $a OUTPUT 950 $z AS 1ST 852 $m IN 1ST 852 ONLY; OUTPUT 590 SHARED PURCHASE AS 852 $z IN 1ST 852 ONLY; OUTPUT STAMP IN 852 $m IN ALL 852'S; OUTPUT 950 $b AS 852 $3 IN ALL SEGMENTS.
590       $a Shared purchase: output 852 $Z in 1st holdings segment
610  20   $a National Academy of Sciences (U.S.) $x Directories.
710  20   $a National Research Council (U.S.)
710  20   $a National Academy of Engineering.
710  20   $a Institute of Medicine (U.S.)
901       $a UCSFb10089913 $b multi $c -
902       $a 930223
920       $l ref $l books $l desk
950       $b 1987, 1989-1990, 1992 (950$b) $z 950z NOTE - Kept in Reference.
999       $c 891016 $d s $e a $g 0

Record 27
