LDR  01278cas  2200313I  45  
001  1723451
008  910714c19238888dcuuu    r    0uuua1eng d
019       $a 1625399 $a 2951465
049       $a CUNA $a CUNW
090       $a S14 $b .N294 REF.
098       $n ov=.b2373563
110  20   $a National Academy of Sciences (U.S.)
245  00   $a Academic list.
260  10   $a Washington, D.C.
300       $a v. $c 22 cm.
362  0    $a 1989/90-
500       $a UCSF PE: NO 852 OR 850, USE 920. HAS 595 FLD, 4 LOCS, 950$z, SHARED PURCHASE 590, & CALL NUM STAMP; HAS NO HOLDINGS INFO (02/08).
500       $a OUTPUT 4 852'S.  OUTPUT UCSF DEFAULT HOLDINGS NOTE IN ALL 852 $3'S.  OUTPUT 950 $z TO 1ST 852 $m IN 1ST 852 ONLY.  OUTPUT 590 SHARED PURCHASE TO 852 $z IN 1ST 852 ONLY.  OUTPUT 595s TO SEPARATE 852 $m.  OUTPUT STAMP TO 852 $m FOR ALL LOCS.
590       $a Shared purchase: output 852 $z.
595       $a 595 NOTE - HELD BY SECURITY GUARD.
610  20   $a National Academy of Sciences (U.S.) $x Directories.
710  20   $a National Research Council (U.S.)
710  20   $a National Academy of Engineering.
710  20   $a Institute of Medicine (U.S.)
901       $a UCSFb16711121 $b multi $c -
902       $a 930223
920       $l ref $l hjour $l desk $l books
950       $z 950z NOTE: OUTPUT AS 852 $m.
999       $c 891016 $d s $e a $g 0

Record 28
