LDR  00649nam  22002051  45  
008  811211s1885    nyuab         00000 eng  
010       $a 8007252
043       $a n-us---
049       $a CUNA
090       $a R111 $b .W88
100  10   $a Bell, Agrippa Nelson, $d 1820-1911.
245  00   $a Climatology and mineral waters of the United States,
260  0    $a New York, $b W. Wood & company, $c 1885.
300       $a vii, 386 p. $b illus. (incl. maps) $c 24 cm.
500       $a UCSF: NO 901 FIELD, SOURCE CAN'T BE DETERMINED - REJECT (04/02).
650   0   $a Mineral waters $z United States.
651   0   $a United States $x Climate.
902       $a 931025
920       $l books
999       $c 891016 $d m $e a $g 0

Record 29
