LDR  01174cas  2200325   45  
001  1998426
008  760217c19759999ctugr1   r    0uuua0eng  
010       $a 74004811 //r76
019       $a 2489272
022       $a 0362-0999
049       $a CUN@
050  0    $a Z286.M5 $b M53 
098       $n ov=.b1275653
222  10   $a Microform market place.
245  00   $a Microform market place.
246  14   $a MMP, microform market place $f <1976/77->
260  00   $a Weston, Conn. [etc.], Microform Review Inc. [etc.]
300       $a v. $c 23 cm.
310       $a Biennial.
362  0    $a 1974/75-
500       $a UCSF PE: NO 852 OR 850, USE 920. OUTPUT 590 "LIBRARY KEEPS" AS IS IN 852 $m, ALL LOCS.  OUTPUT 590 "LIBRARY HAS" IN 852 $3, ALL LOCS, AFTER STRIPPING THE BEGINNING/ENDING ASTERISKS AND EXTRA BLANKS (02/08).
550  0    $a Published in Weston, Conn. by Microform Review Inc., 1975-1989; by K.G. Saur Verlag, 1991-
590       $a * Library keeps *
590       $a ** Library has: 1988/89, 1990/91. *
650   0   $a Micropublishing $x Directories.
650   0   $a Microfilm services $x Directories.
901       $a UCSFb12131520 $b multi $c -
902       $a 931221
920       $l ref $l books
999       $c 900319 $d s $e - $g 0

Record 30
