LDR  02355cas  2200577 a 45  
001  1568454
008  750824c19679999gw mrzp       0   a0eng d
010       $a 94648081
022       $a 0014-2956
040       $a MUL $c MUL $d COO $d OCL $d NSD $d OCL $d NSD $d HUL $d SER $d RCS $d AIP $d DLC $d NST $d MYG $d HUL $d NST $d AGL $d DLC $d CUN
041  0    $a engfreger
069  1    $a E15940000
096       $a ff W1 $b EU 68 Case 38
098       $n ov=.b114764x
210       $a Eur. j. biochem.
222   0   $a European journal of biochemistry.
245  00   $a European journal of biochemistry / $c FEBS.
260       $a Berlin ; $a New York : $b Published by Springer-Verlag on behalf of the Federation of European Biochemical Societies, $c 1967-
300       $a v. : $b ill. ; $c 28 cm.
310       $a Monthly.
362  0    $a Vol. 1, no. 1 (Mar. 1967)-
500       $a UCSF PE: NO 852 OR 850, 3 LOCS IN 920: FOR ALL LOCS OUTPUT 852 $m'S FROM STAMP "Case 38" (096).  OUTPUT 'SHARED PURCHASE' 590 TO 852 $z AND 950 $z TO 852 $m IN 1ST LOC ONLY; OUTPUT 595'S AS 852 $m'S (02/08).
500       $a OUTPUT ff (096) TO 852 $k AND OUTPUT 950 $b TO 852 $3 IN ALL LOCS.
510  1    $a Index medicus $x 0019-3879.
510  2    $a Bibliography of agriculture $x 0006-1530.
510  2    $a Biological abstracts $x 0006-3169.
510  2    $a Chemical abstracts $x 0009-2258.
510  2    $a Energy information abstracts $x 0147-6521.
510  2    $a Energy research abstracts $x 0160-3604.
510  2    $a Environment abstracts $x 0093-3287.
510  2    $a Excerpta medica.
510  2    $a Life sciences collection.
510  2    $a PESTDOC.
510  2    $a RINGDOC.
510  2    $a VETDOC.
510  0    $a Nuclear science abstracts $x 0029-5612.
590       $a Shared Purchase with UCD.
590       $a Library's copy imperfect. (590 FLD)
595       $a SEE INFO DESK FOR ASSISTANCE. (595 FLD)
595       $a Access restricted to UCSF faculty, staff, etc. (595 FLD)
650   0   $a Biochemistry.
650   2   $a Biochemistry $x periodicals.
710  20   $a Federation of European Biochemical Societies.
780  00   $t Biochemische Zeitschrift $w (DLC)sn 90022308 $w (OCoLC)1536395.
901       $a UCSFb12567450 $b multi $c 0
902       $a 940523
910       $a [malmi]
920       $l jour $l 1stfl $l coref
950       $b 1, 1967 (950 $b) $z All issues shelved with bound journals (950 $z).
950       $b 211, 1993- $t (Copy 2) (ELECTRONIC JOURNAL)
999       $c 940419 $d s $e 1 $g 0

Record 32
