LDR  01276cas  2200349   45  
001  1480180
008  750726c18989999mdumr1p       0   a0eng d
010       $a a  43003158 //r833
022  0    $a 0002-9513
040       $a MUL $d AIP $d NSD $d NST $d CAS $d NST $d AGL $d OCL $d NSD $d NST $d IUL
069  1    $a A24720000
096       $a W1 $b AM 507
098       $n ov=.b1117981
245  00   $a American journal of physiology.
260       $a [Bethesda, Md., etc.] $b American Physiological Society [etc.]
210  0    $a Am. j. physiol.
222   4   $a The American journal of physiology.
300       $a v. $b ill., ports. $c 25-27 cm.
310       $a Monthly, $b <1898-
362  0    $a v. 1-   Jan. 1898-
500       $a UCSF: PE WITH 850 FIELDS: 850 $F IN LOCS 1 & 2 HAS CALL NUM PREFIX; REMOVE PREFIX & OUTPUT IN 852 $k IN THAT SEGMENT; OUTPUT CALL NUM IN 852 $j (04/02).
650   0   $a Physiology.
600  10   $a Porter, William Townsend, $d 1862-1949.
850       $c 4 $f ff W1 AM 507 (1ST) $g jour $h 1, 1898- $k (Copy 1)
850       $c 5 $f t W1 AM 507 (2ND) $g jrnl $h 1990-91 $k (Copy 2) $z All issues shelved with bound journals.
866  30   $z Library Lacks: 141, 1945;
850       $c 4 $g sfgh $h 228, 1975-
901       $a UCSFb11861794 $b multi $c 0
902       $a 960604
999       $c 940812 $d s $e 1 $g 0
920       $l jour $l hjour
910       $a [sycso]

Record 33
