LDR  01906cas  2200409   45  
001  1481385
008  750727c19279999paumr1p       0   a0eng d
010       $a 43032966 //r912
022  0    $a 0003-4819
040       $a MUL $c MUL $d NSD $d DLC $d NSD $d SER $d AIP $d DLC $d AIP $d IUL $d AIP $d NST $d HUL $d NST $d EBZ $d OCL $d NSD $d OCL $d NST $d DLC
069  0    $a 0372351
069  1    $a A34995000
096       $a W1 $b AN 605
098       $n ov=.b1121820
245  00   $a Annals of internal medicine.
260       $a [Philadelphia, etc., $b American College of Physicians]
210       $a Ann. intern. med.
222   0   $a Annals of internal medicine.
300       $a v. $b ill., diagrs. $c 26 cm.
310       $a Semimonthly.
362  0    $a v. 1-   July 1927-
500       $a UCSF: PE REC WITH 3 LOCS IN 850 FLDS: 1ST LOC - 850 $H, $J, $K: OUTPUT 852 $3 FROM $H, 852 $m FROM $J AND $K.  2ND LOC - NO $H, HAS $J, $K, $Z: OUTPUT 852 $3 FROM $J; OUTPUT 1ST $m FROM $Z, 2ND $m FROM $K.  3RD LOC - NO $H OR $J, HAS $K: OUTPUT DEFAULT HOLDINGS, OUTPUT $m FROM $K.
510  1    $a Index medicus $x 0019-3879.
530       $a Available on microfilm from University Microfilms.
555       $a Vols. 1-40, July 1927-June 1954.  1 v.; Vols. 41-50, June 1954-June 1959.  1 v.
580       $a Has suppl., 1991-    : ACP journal club.
650   0   $a Medicine.
770  0    $t Annals of internal medicine. Supplement $x 0570-183X $w (OCoLC)1778587.
770  1    $t ACP journal club $g 1991- $x 1056-8751 $w (DLC)   93642454 $w (OCoLC)23085040.
780  02   $t Annals of clinical medicine $x 0095-9944 $w (OCoLC)1481377.
850       $c 4 $f W1 AN 605 $g jour $h 1, 1927- (850$H) $j Current + 2 years in Ref (850$J) $k (Copy1) (850$K)
850       $c 4 $f W1 AN 605 $g jrnl $j Keep current +7 previous yrs (850$J) $k (Copy 2) $z All issues shelved with bound journals (850 $z).
850       $c 4 $g sfgh $k (Copy 3)
901       $a UCSFb11861952 $b multi $c 0
902       $a 960604
999       $c 940901 $d s $e 1 $g 0
920       $l jour $l jrnl $l sfgh

Record 34
