LDR  01446nas  22003497  45  
008  870922c19599999   mu p      u uuuu1engod
022       $a 0003-990x
049       $a cunc
096       $a W1 $b AR 455AD
098       $n ov=.b1124080
245  00   $a Archives of General Medicine.
260       $a [Chicago,  $b American Medical Association]
265  00   $a American Medical Association, 535 N. Dearborn St., Chicago, IL 60610.
212  0    $a Arch. Gen. Med.
500       $a UCSF: PE WITH 850 FIELDS: 590 SHARED PURCHASE OUTPUT IN 1ST 852 ONLY; 1 590 OUTPUT AS 852 $x IN ALL 852'S; LIBRARY KEEPS 590 AND LIBRARY HAS 590 DROPPED; 595'S OUTPUT AS $m'S (02/08).
590       $a Monthly (590 OUTPUT AS 852 $x).
590       $a Shared purchase - vols 1-25, 1795-1820.
590       $a Library Keeps: 1795-1825 in rare books collection
590       $a Library has: vol 1- (1795-)
595       $a * SEE INFORMATION DESK FOR ASSISTANCE * (595 FLD)
595       $a Access restricted to UCSF faculty, staff and students. (595 FLD)
650   0   $a Medicine.
710  20   $a American Medical Association.
850       $c 4 $f W1 AR 455AD $g jour $h 1, 1795- $k (Copy 1)
850       $c 5 $f W1 AR 455AD $g jrnl $h 1990-91 $k (Copy 2) $z All issues shelved with bound journals.
850       $c 4 $g 2ndfl $h 199, 1994- $k (Copy 3) (ELECTRONIC JOURNAL)
901       $a UCSFb11862099 $b multi $c 0
902       $a 960604
999       $c 871005 $d s $e 1 $g 0
920       $l (2)jour $l hjour
906       $a 5086392
935       $a 12672000 $z 09170000

Record 35
