LDR  01350cas  2200397   45  
001  1536396
008  750812c19629999pauwr1p       0   a0eng d
010       $a a  63000602 //r882
022  0    $a 0006-2960
040       $a MUL $c MUL $d NSD $d OCL $d DLC $d NSD $d SER $d RCS $d AIP $d NSD $d AIP $d NSD $d AIP $d NST $d DLC $d IUL $d NST $d AGL $d IUL $d NST
069  1    $a B15160000
096       $a W1 $b BI 635
098       $n ov=.b1128139
245  00   $a Biochemistry.
260       $a [Easton, Pa.] $b American Chemical Society.
210  0    $a Biochemistry $b (Easton)
222   0   $a Biochemistry $b (Easton)
300       $a v. $b ill. $c 27-29 cm.
310       $a Weekly, $b <1991->
362  0    $a v. 1-   Jan. 1962-
500       $a UCSF: PE WITH 850 FIELDS: 8 850 FIELDS WITH 5 UNIQUE LOC CODES. OUTPUT THE 5 UNIQUE LOCS IN 852 FIELDS (02/08).
650   0   $a Biochemistry.
650   2   $a Biochemistry.
710  20   $a American Chemical Society.
850       $c 0 $f W1 BI 635 $g jour $h 1, 1962- $k (Copy 1)
850       $c 3 $g jrnl $h 32, 1993- $k (Copy 2)
850       $c 4 $g sfgh $h 14, 1975- $k (Copy 3)
850       $c 5 $f W1 BI 635 $g jour $h 1, 1962- $k (Copy 4)
850       $c x $g hjour $h 32, 1993- $k (Copy 5)
850       $c y $g jrnl $h 14, 1975-
850       $c d $f W1 BI 635 $g mbccj $h 1, 1962- $k (Copy 6)
850       $g sfgh $h 32, 1993-
901       $a UCSFb11860546 $b multi $c 0
902       $a 960604
999       $c 940912 $d s $e 1 $g 0
920       $l jour $l hjour

Record 36
