LDR  00934cas  2200277   45  
001  1480180
008  750726c18989999mdumr1p       0   a0eng d
010       $a a  43003158 //r833
022  0    $a 0002-9513
040       $I MUL $d HUL $d NSD $d NST $d CAS $d NST $d AGL $d OCL $d NSD $d NST $d IUL
069  1    $a A24720000
096       $a W1 $b AM 507
098       $n ov=.b1117981
245  00   $a Abstracts in the study of the paranormal.
260       $a Bern, Switzerland $b Association of Parapsychology
300       $a v. $b ill., ports. $c 25-27 cm.
310       $a Monthly, $b <1898-
362  0    $a v. 1-   Jan. 1898-
500       $a UCSF: NO 902 FIELD - CREATE 005 FROM PROGRAM RUN PARAMETER (04/02).
595       $a * SEE INFORMATION DESK FOR ASSISTANCE *
595       $a Access restricted to UCSF faculty, staaff and students.
650   0   $a Parapsychology -- Research.
850       $c 4 $g ref $h 282, 1970-
901       $a UCSFb12631694 $b multi $c 0
999       $c 940812 $d s $e 1 $g 0
910       $a [sycso]

Record 39
