LDR  01866cas  2200421 a 4500
001  1536986
007  cr unu
008  750812c19669999ne wr p       0   a0eng d
010       $a 68005703
022  0    $a 0006-8993
040       $a MUL $c MUL $d UCU $d NSD $d IUL $d DLC $d OCL $d HUL $d SER $d RCS $d NSD $d AIP $d DLC $d NSD $d HUL $d NST $d NLM $d IUL $d NST $d IUL $d NSD $d NST $d DLC $d NST $d GUA $d NSD $d DLC $d WAU $d DLC $d IUL $d DLC $d IUL $d DLC $d GUA $d MYG $d ORU $d IUL $d OCLCQ $d GUA $d MUQ $d NLM $d NLGGC
096       $a W1 $b BR 114S
098       $n ov=.b1129867
210  0    $a Brain res
222   0   $a Brain research
245  00   $a Brain research
260       $a Amsterdam : $b Elsevier/North Holland,
300       $a v. : $b ill. ; $c 25 cm
310       $a Weekly
362  1    $a Began with: Vol. 1, in Jan. 1966
500       $a UCSF PE: HAS 1 852, 850, 920; USE 852.  852 HAS NO LOC CODE. REJECT (02/08).
515       $a Some vols. issued out of chronological order
530       $a Also issued online
555       $a Author index: Vols. 1 (1966)-125 (1977). 1 v.; Annual cumulative author and subject indexes for 1989- include also indexes for: Brain research. Brain research reviews; Brain research. Developmental brain research; Brain research. Molecular brain research; Brain research. Cognitive brain research; and: Brain research. Brain research protocols
650   2   $a Brain $v Periodicals
650   2   $a Neurology $v Periodicals
655   7   $a Online resources. $2 local
785  11   $t Brain research. Gene expression patterns $w (DLC)  2001261198 $w (OCoLC)48131212
793  0    $a ScienceDirect online journals. $g a
850       $c 4 $g sfgh $k (Copy 3)
852       $a UCSF $j W1 BR 114S $3 v.1(1966)v.957(2002)
856  41   $3 v.1(1966)- $z ScienceDirect. Restricted to UC campuses $u http://uclibs.org/PID/2015
901       $a UCSFb11860297 $b multi $c j
902       $a 070730
999       $c 061010 $d s $e 1 $g 0
920       $l (5)net $l jrnl
993       $a 40731789
994       $a cdl

Record 43
