LDR  02976cas  2200721 a 4500
001  8909559
007  cr unu||||||||
008  821101c19839999nyusx p       0   a0eng d
010       $a sc 83008189  $z sn 82007562
022  0    $a 0735-1097
037       $b Elsevier, Periodicals Order Fulfillment Dept., 6277 Sea Harbor Dr., Orlando, FL 32887-4800
040       $a NSD $c NSD $d NLM $d DLC $d NST $d RCS $d NST $d NSD $d HUL $d AIP $d NST $d AIP $d NST $d AIP $d NST $d HUL $d NST $d NSD $d HUL $d CUS $d SYS $d GUA $d OCLCQ $d MUQ $d GUA $d CLU $d NSD $d NLGGC
041  0    $a eng $b eng
096       $a W1 $b JO 21B
098       $n ov=.b1168678
210  0    $a J. Am. Coll. Cardiol. $b (Print)
222   0   $a Journal of the American College of Cardiology $b (Print)
245  00   $a Journal of the American College of Cardiology
246  13   $a JACC
246  30   $a J.A.C.C
260       $a [New York, N.Y.] : $b Elsevier Biomedical, $c [c1983]-
300       $a v. : $b ill. ; $c 28 cm
310       $a Semimonthly, $b 2002-
362  0    $a [Vol. 1, no. 1] (Jan. 1983)-
500       $a UCSF PE: USE 2 852s - 1ST 852, OUTPUT HOLDINGS FROM SUBFLD 3 TO OUTPUT SUBFLD 3; 2ND 852 HAS NO HOLDINGS, OUTPUT DEFAULT HOLDINGS MESSAGE (02/08).
500       $a Published: Elsevier, <2004->
500       $a Latest issue consulted: Vol. 44, no. 8 (Oct. 19, 2004)
510  2    $a Chemical abstracts $x 0009-2258 $b 1983-
510  2    $a Index medicus $x 0019-3879
510  2    $a Life sciences collection
510  1    $a Excerpta medica
515       $a Two volumes a year
530       $a Also issued online
599       $a UPD $b added access for HighWire; replaced with current CONSER record and PID with SFX OpenURL $c 070410
650   0   $a Cardiology $v Periodicals
650   2   $a Cardiology $v Periodicals
690       $a Electronic journals $x Cardiology
690       $a Electronic journals $x Medical sciences
690       $a Electronic journals $x Biology and medicine
710  2    $a American College of Cardiology
776  1    $t Journal of the American College of Cardiology (Online) $x 1558-3597 $w (DLC)  2004233151 $w (OCoLC)39190360
793  0    $a Open access resource; selected by the UC Libraries. $p HighWire Press online journals. $g m
793  0    $a ScienceDirect online journals. $g a
852       $a UCSF $b jrnl $j W1 JO 21B $3 v.1(1983)-v.42(2003) 
852       $a UCSF $b sfgh
856  41   $3 v.25(1995)- $z ScienceDirect. Restricted to UC campuses $u http://openurl.cdlib.org/?sid=SCP:SCP&genre=article&__char_set=utf8&issn=0735-1097
856  41   $3 v.31(1998)- $z HighWire. Current 12 months may not be available at your campus; all other issues freely available $u http://openurl.cdlib.org/?sid=SCP:SCP&genre=article&__char_set=utf8&issn=0735-1097
901       $a UCSFb11861101 $b multi $c j
902       $a 070718
999       $c 070509 $d s $e 1 $g 0
920       $l (5)net $l jrnl $l sfgh
993       $a 40301552
994       $a cdl
920       $a UCB
920       $a UCD
920       $a UCI
920       $a UCLA
920       $a UCR
920       $a UCSB
920       $a UCSC
920       $a UCSD
920       $a UCSF
920       $a UCM

Record 44
