LDR  02488cas  2200553 a 4500
001  1537315
007  cr unu--------
008  750812c19139999enkmr1p       0   a0eng d
010       $a sc 85001043  $z sn 80013751
022  0    $a 0007-1323
040       $a MUL $c MUL $d UCU $d OCL $d NSD $d HUL $d NSD $d RCS $d AIP $d DLC $d AIP $d NSD $d OCL $d NSD $d OCL $d IUL $d OCL $d MYG $d SYS $d OCL $d NLM $d NSD $d OCLCQ $d SBH $d OCLCQ $d GUA
096       $a W1 $b BR 638X
098       $n ov=.b1130833
210  0    $a Br. j. surg. $b (Print)
222   0   $a British journal of surgery $b (Print)
245  00   $a British journal of surgery : $b BJS
246  30   $a BJS
260       $a [Bristol, England : $b John Wright & Sons ; $a Baltimore : $b Williams & Wilkins Co
300       $a v. : $b ill. ; $c 26 cm
310       $a Monthly
362  1    $a Began with: 1, published in 1913
500       $a Imprint varies: Guildford, UK : Butterworth Scientific <, Apr. 1986->; Chichester, UK : John Wiley & Sons Ltd. <Jan. 2003->
500       $a UCSF PE: HAS 852.  1ST 852 HAS CALL NUM PREFIX AND SUFFIX, REMOVE PREFIX AND SUFFIX BEFORE OUTPUTTING CALL NUM IN 852j (02/08).
500       $a Latest issue consulted: surrogate of v. 90, no. 1 (Jan. 2003)
500       $a Latest issue consulted: Vol. 90, no. 1 (Jan. 2003)
510  1    $a Excerpta medica
510  1    $a Index medicus $x 0019-3879
510  2    $a Biological abstracts $x 0006-3169 $b -1978
650   0   $a Surgery $v Periodicals
650   2   $a Surgery $v Periodicals
655   7   $a Online resources. $2 local
690       $a Electronic journals $x Surgery
690       $a Electronic journals $x Medical sciences
690       $a Electronic journals $x Biology and medicine
776  1    $t British journal of surgery (Online) $w (DLC)   00242379 $w (OCoLC)45409615
780  05   $t European journal of surgery $g 2003 $x 1102-4151 $w (DLC)sn 91033201 $w (OCoLC)23657406
793  0    $a Blackwell-Synergy online journals. $g i
793  0    $a Wiley InterScience online journals. $g a
852       $a UCSF $b jrnl $j ffW1 BR 638X REF. $3 v.1(1913)-
852       $a UCSF $b sfgh $3 v.70(1983)-
856  41   $3 v.85(1998)- $z Wiley. Restricted to UC campuses $u http://uclibs.org/PID/3410
856  09   $3 v.1(1913)-v.84(1997) $z Wiley. Restricted to UCSF $u http://www3.interscience.wiley.com/cgi-bin/jtoc/112167270/all
856  41   $3 v.87(2000)-v.89(2002). $z Blackwell-Synergy. Restricted to UC campuses $u http://uclibs.org/PID/77233
901       $a UCSFb11862300 $b multi $c j
902       $a 070710
999       $c 060926 $d s $e 1 $g 0
920       $l (4)net $l jrnl $l sfgh
993       $a 41022658
994       $a cdl

